%
% Section: Article
%
@Article{Gropp:1997:SMC,
  author =       "W. Gropp and E. Lusk",
  title =        "Sowing {MPICH}: {A} Case Study in the Dissemination of
                 a Portable Environment for Parallel Scientific
                 Computing",
  journal =      "The International Journal of Supercomputer
                 Applications and High Performance Computing",
  volume =       "11",
  number =       "2",
  pages =        "103--114",
  month =        "Summer",
  year =         "1997",
  coden =        "IJSCFG",
  ISSN =         "1078-3482",
  area = "M;S",
  areaseq = "0",
}

%LiteralHTML: <HR>

